
@Book{Ciarlet:78,
  author = 	 {P.~G. Ciarlet},
  title = 	 {The Finite Element Method for Elliptic Problems},
  publisher = 	 {North-Holland},
  year = 	 1978,
  address      = {Amsterdam}}

@book{Brenner-Scott:08,
  title={The Mathematical Theory of Finite Element Methods},
  author={Brenner, S.C. and Scott, L.R.},
  isbn={9780387954516},
  lccn={2002019726},
  series={Texts in Applied Mathematics},
  url={http://dx.doi.org/10.1007/978-0-387-75934-0},
  edition={third edition},
  year={2008},
  publisher={Springer-Verlag},
  adress={New York}
}

@Book{Quarteroni-Sacco-Salieri:00,
  author =	 {A. Quarteroni and R. Sacco and F. Saleri},
  title = 	 {Numerical mathematics},
  publisher = 	 {Springer},
  year = 	 {2000},
  address =	 {New York}
}
@BOOK{Ern-Guermond:04,
  AUTHOR = {A. Ern and J.-L. Guermond},
  TITLE = {Theory and Practice of Finite Elements},
  YEAR = 2004,
  PUBLISHER = {Springer},
  ABSTRACT = {an overview of standard and non standard finite element methods from theoritical foundations to implementations.}
}

}
@book{girault-raviart:86,
	year = {1986},
	author = {Girault, V. and Raviart, P.-A.},
	publisher = {Springer-Verlag},
	title = { Finite element methods for {Navier-Stokes} equations}
}


@article{Gmsh:09,
  added-at = {2011-02-22T12:29:36.000+0100},
  author = {Geuzaine, C. and Remacle, J.-F.},
  biburl = {http://www.bibsonomy.org/bibtex/2cd9b8cbc87f92553a25d441d517c7bcd/toevanen},
  interhash = {809553a2dcc2cd428ed154265bd9d7bb},
  intrahash = {cd9b8cbc87f92553a25d441d517c7bcd},
  issue = {11},
  journal = {International Journal for Numerical Methods in Engineering},
  keywords = {mesh_generation software},
  pages = {1309 -- 1331},
  timestamp = {2011-02-22T12:29:36.000+0100},
  title = {Gmsh: {A 3-D} finite element mesh generator with built-in pre- and post-processing facilities},
  volume = 79,
  year = 2009
}

@book{FEniCS:LoggMardalEtAl2012a,
  title = {Automated Solution of Differential Equations by the Finite Element Method},
  author = {A. Logg and K-A Mardal and G.~N. Wells and others},
  year = {2012},
  publisher = {Springer},
  doi = {10.1007/978-3-642-23099-8},
  isbn = {978-3-642-23098-1},
}

@article{guillen-galvan_HydStokes_FE_2015,
	title = {Analysis of the {H}ydrostatic {Stokes} problem and finite-element approximation in unstructured meshes},
	volume = {130},
	issn = {0029-599X, 0945-3245},
	url = {http://link.springer.com/10.1007/s00211-014-0663-8},
	doi = {10.1007/s00211-014-0663-8},
	language = {en},
	number = {2},
	urldate = {2015-07-06},
	journal = {Numerische Mathematik},
	author = {Guill\'en-Gonz\'alez, F. and Rodr\'{\i}guez-Galv\'an, J. R.},
	month = jun,
	year = {2015},
	pages = {225--256}
}

@article{guillen-galvan_Stokes_stability_2016,
	title = {On the stability of approximations for the {Stokes} problem using different finite element spaces for each component of the velocity},
	volume = 99,
	issn = 01689274,
	url = {http://linkinghub.elsevier.com/retrieve/pii/S0168927415001099},
	doi = {10.1016/j.apnum.2015.07.002},
	language = {en},
	urldate = {2016-01-28},
	journal = {Applied Numerical Mathematics},
	author = {Guill\'en-Gonz\'alez, F. and Rodr\'{\i}guez Galv\'an, J.R.},
	month = jan,
	year = 2016,
	pages = {51--76}
}

@article{guillen-galvan_HydStokes_Stabilized_2015,
	title = {Stabilized {Schemes} for the {Hydrostatic} {Stokes} {Equations}},
	volume = {53},
	issn = {0036-1429, 1095-7170},
	url = {http://epubs.siam.org/doi/10.1137/140998640},
	doi = {10.1137/140998640},
	language = {en},
	number = {4},
	urldate = {2015-11-04},
	journal = {SIAM Journal on Numerical Analysis},
	author = {Guill\'en Gonz\'alez, F. and Rodr\'{\i}guez Galv\'an, J. R.},
	month = jan,
	year = {2015},
	pages = {1876--1896}
}

@article{1968-Chorin-p745,
  added-at = {2011-04-19T14:10:58.000+0200},
  author = {Chorin, A.~J.},
  biburl = {http://www.bibsonomy.org/bibtex/280122b35df5c3cefede04ed4b70b92e3/zhihua},
  file = {1968-Chorin-p745.pdf:CutCell/1968-Chorin-p745.pdf:PDF},
  interhash = {c7ba250237a33592a4be81446b94536c},
  intrahash = {80122b35df5c3cefede04ed4b70b92e3},
  journal = {Math. Comp.},
  keywords = {imported},
  owner = {zhihua},
  pages = {745-762},
  timestamp = {2011-04-19T14:10:58.000+0200},
  title = {{N}umerical solution of the {N}avier-{S}tokes {E}quations},
  volume = 22,
  year = 1968
}

@article{1969-Temam-pas-fractionaires,
year={1969},
issn={0003-9527},
journal={Archive for Rational Mechanics and Analysis},
volume={33},
issue={5},
doi={10.1007/BF00247696},
title={Sur l'approximation de la solution des {\'e}quations de {N}avier-{S}tokes par la m{\'e}thode des pas fractionnaires (II)},
url={http://dx.doi.org/10.1007/BF00247696},
publisher={Springer-Verlag},
author={Temam, R.},
pages={377-385},
language={French}
}

@article{Chacon-Gomez-Sanchez:2013,
  author    = {T. {Chac{\'o}n-Rebollo} and
               M. {G{\'o}mez-M{\'a}rmol} and
               I. {S{\'a}nchez-Mu{\~n}oz}},
  title     = {A Bochev-Dohrmann-Gunzburger stabilization method for the
               primitive equations of the ocean},
  journal   = {Appl. Math. Lett.},
  volume    = {26},
  number    = {4},
  year      = {2013},
  pages     = {413-417},
  ee        = {http://dx.doi.org/10.1016/j.aml.2012.10.015},
  bibsource = {DBLP, http://dblp.uni-trier.de}
}
@article{Chacon-Gomez-Sanchez:2012,
  author    = {T. {Chac{\'o}n-Rebollo} and
               M. {G{\'o}mez-M{\'a}rmol} and
               I. {S{\'a}nchez-Mu{\~n}oz}},
  title     = {Numerical solution of the Primitive Equations of the
                  ocean by the Orthogonal Sub-Scales VMS method},
  journal   = {Applied Numerical Mathematics},
  volume    = {62},
  year      = {2012},
  pages     = {342–359},
}

@article{Guillen-RodriguezGomez,
author = {F. {Guill{\'e}n-Gonz{\'a}lez} and D. {Rodr{\'{\i}}guez-G{\'o}mez}},
title = {{Bubble finite elements for the primitive equations of the ocean}},
journal = {Numerische Mathematik},
volume = {101},
year = {2005},
pages = {689--728},
issue = {4},
doi = {10.1007/s00211-005-0626-1},
masid = {16019962}
}

@article{Chacon-RodriguezGomez:04,
 author = {T. {Chac\'{o}n-Rebollo} and D. {Rodr\'{\i}guez-G\'{o}mez}},
 title = {A Stabilized Space-Time Discretization for the Primitive Equations in Oceanography},
 journal = {Numer. Math.},
 volume = {98},
 number = {3},
 year = {2004},
 pages = {427--475}
}

@article{Chacon-RodriguezGomez:05,
 author = {T. {Chac\'{o}n-Rebollo} and D. {Rodr\'{\i}guez-G\'{o}mez}},
 title = {A numerical solver for the primitive equations of the ocean using term-by-term stabilization},
 journal = {Appl. Numer. Math.},
 volume = {55},
 number = {1},
 year = {2005},
 issn = {0168-9274},
 pages = {1--31},
 numpages = {31},
 url = {http://dx.doi.org/10.1016/j.apnum.2004.08.007},
 doi = {10.1016/j.apnum.2004.08.007},
 acmid = {1642796},
 publisher = {Elsevier Science Publishers B. V.},
 address = {Amsterdam, The Netherlands, The Netherlands},
 keywords = {Mixed finite elements, Oceanography, Primitive equations, Stabilized finite elements},
}

@article{Ortegon:HydrostaticApprox:04,
author = {{Orteg\'on Gallego}, F.},
title = {Regularization by Monotone Perturbations of the Hydrostatic
                  Approximation of {Navier-Stokes} Equations},
journal = {Math. Models Methods Appl. Sci.},
volume = {14},
number = {12},
pages = {1819-1848},
year = {2004},
doi = {10.1142/S0218202504003830},
URL = {http://www.worldscientific.com/doi/abs/10.1142/S0218202504003830},
eprint = {http://www.worldscientific.com/doi/pdf/10.1142/S0218202504003830}
}

@article{Kimmritz-Braack:12,
  author    = {M. Kimmritz and
               M. Braack},
  title     = {Equal-order Finite Elements for the Hydrostatic Stokes Problem},
  journal   = {Comput. Meth. in Appl. Math.},
  volume    = {12},
  number    = {3},
  year      = {2012},
  pages     = {306-329},
  ee        = {http://www.degruyter.com/view/j/cmam.2012.12.issue-3/cmam-2012-0010/cmam-2012-0010.xml},
  bibsource = {DBLP, http://dblp.uni-trier.de}
}

@PhdThesis{Kimmritz:PhD:13,
  author = 	 {M. Kimmritz},
  title = 	 {Equal-order Finite Elements of Hydrostatic Flow Problems},
  school = 	 {Kiel},
  year = 	 2013}

@Unpublished{Kimmritz:12,
  author = 	 {M. Kimmritz},
  title = 	 {Symmetric Stabilization of Equal-Order Finite Element Dis-
cretized Hydrostatic Flow Problems},
  year = 2012,
  note = 	 {Unpublished}}

@PhdThesis{Dorado:PhD:09,
  author = 	 {E. Dorado},
  title = 	 {Estudio de las Soluciones Num\'ericas de Largo Plazo de los Modelos de las Ecuaciones Primitivas de la Circulaci\'on General del Oc\'eano},
  school = 	 {Universidad Complutense de Madrid},
  year = 	 2009}

 R. Bermejo Bermejo, Velocity error estimates for a semi-Lagrangian ocean general
circulation model, Proceedings of the II Conference on the Analysis of Variables and
Numerical Simulation of Water Exchange in the Strait of Gibraltar (Spanish) (Cadiz,
2000), Serv. Publ. Univ. C ́
 adiz, C ́
 adiz, 2001, pp. 19–34.

@InProceedings{Bermejo:Cadiz:01,
  booktitle = 	 {II Conference on the Analysis of Variables and Numerical Simulation of Water Exchange in the Strait of Gibraltar},
  author = 	 {R. {Bermejo Bermejo}},
  title = 	 {Velocity error estimates for a semi-Lagrangian ocean general circulation model},
  year = 	 2001},
  organization = {Univ. C\'adiz},
}
